<?xml version="1.0" encoding="UTF-8"?>
<record xmlns="http://www.loc.gov/MARC21/slim" xmlns:xsi="http://www.w3.org/2001/XMLSchema-instance" xsi:schemaLocation="http://www.loc.gov/MARC21/slim http://www.loc.gov/standards/marcxml/schema/MARC21slim.xsd">
<leader>     nam a2200313 i 4500</leader>
<controlfield tag="001">002048950</controlfield>
<controlfield tag="003">NNU</controlfield>
<controlfield tag="005">19940725150406.0</controlfield>
<controlfield tag="008">921222m19569999ir            100 0 ara d</controlfield>
<datafield tag="035" ind1="9" ind2=" ">
<subfield code="a">NYUb11001813</subfield>
</datafield>
<datafield tag="035" ind1=" " ind2=" ">
<subfield code="a">(CStRLIN)NYUG92-B114336</subfield>
</datafield>
<datafield tag="035" ind1=" " ind2=" ">
<subfield code="a">GLIS010018139</subfield>
</datafield>
<datafield tag="040" ind1=" " ind2=" ">
<subfield code="a">NN</subfield>
<subfield code="c">NN</subfield>
<subfield code="d">CStRLIN</subfield>
</datafield>
<datafield tag="090" ind1=" " ind2=" ">
<subfield code="i">12/22/92 CT</subfield>
</datafield>
<datafield tag="111" ind1="2" ind2=" ">
<subfield code="a">Mihrajān al-alfī li-Ibn Sīnā</subfield>
<subfield code="d">(1955 :</subfield>
<subfield code="c">Tehran, Iran)</subfield>
</datafield>
<datafield tag="245" ind1="1" ind2="0">
<subfield code="a">Kitāb al-mihrajān li-Ibn Sīnā.</subfield>
</datafield>
<datafield tag="260" ind1=" " ind2=" ">
<subfield code="a">Tihrān :</subfield>
<subfield code="b">Lajnat al-Āthār al-Waṭanīyah,</subfield>
<subfield code="c">1376- [i.e. 1956-]</subfield>
</datafield>
<datafield tag="300" ind1=" " ind2=" ">
<subfield code="a">v. ;</subfield>
<subfield code="c">24 cm.</subfield>
</datafield>
<datafield tag="490" ind1="1" ind2=" ">
<subfield code="a">Nasharāt Lajnat al-Āthār al-Waṭanīyah ;</subfield>
<subfield code="v">32</subfield>
</datafield>
<datafield tag="500" ind1=" " ind2=" ">
<subfield code="a">In Arabic.</subfield>
</datafield>
<datafield tag="500" ind1=" " ind2=" ">
<subfield code="a">At head of title: Min nasharāt Lajnat al-Āthār al-Waṭanīyah. Dhikrá al-Mihrajān al-Alfī li-Ibn Sīnā.</subfield>
</datafield>
<datafield tag="500" ind1=" " ind2=" ">
<subfield code="a">Added t.p.: Le livre du millenaire d'Avicenne.</subfield>
</datafield>
<datafield tag="505" ind1="0" ind2=" ">
<subfield code="a">v. 3. Yashtamil ʻalá Khuṭab alqāhā aʻḍāʼ al-Majmaʻ bi-al-Lughah al-ʻArabīyah</subfield>
</datafield>
<datafield tag="600" ind1="0" ind2="0">
<subfield code="a">Avicenna,</subfield>
<subfield code="d">980-1037</subfield>
<subfield code="v">Congresses.</subfield>
</datafield>
<datafield tag="650" ind1=" " ind2="0">
<subfield code="a">Islamic philosophy</subfield>
<subfield code="v">Congresses.</subfield>
</datafield>
<datafield tag="740" ind1="0" ind2=" ">
<subfield code="a">Livre du millenaire d'Avicenne.</subfield>
</datafield>
<datafield tag="830" ind1=" " ind2="0">
<subfield code="a">Nasharāt Lajnat al-Āthār al-Waṭanīyah ;</subfield>
<subfield code="v">32.</subfield>
</datafield>
<datafield tag="OWN" ind1=" " ind2=" ">
<subfield code="a">GENERAL</subfield>
</datafield>
<datafield tag="950" ind1=" " ind2=" ">
<subfield code="l">BMAIN</subfield>
<subfield code="a">B751.M44</subfield>
<subfield code="b">M44 1956</subfield>
<subfield code="n">455:sl\Unanalyzed\</subfield>
<subfield code="i">12/22/92 C</subfield>
</datafield>
<datafield tag="955" ind1=" " ind2=" ">
<subfield code="l">BMAIN</subfield>
<subfield code="c">1:v.3</subfield>
<subfield code="r">016664057</subfield>
<subfield code="i">12/22/92 C</subfield>
</datafield>
<datafield tag="998" ind1=" " ind2=" ">
<subfield code="a">12/22/92</subfield>
<subfield code="t">c</subfield>
<subfield code="s">9115</subfield>
<subfield code="n">NNU</subfield>
<subfield code="w">NYPG019000077B</subfield>
<subfield code="d">12/22/92</subfield>
<subfield code="b">WO</subfield>
<subfield code="i">921222</subfield>
<subfield code="l">NYUG</subfield>
</datafield>
<datafield tag="AVA" ind1=" " ind2=" ">
<subfield code="a">NYU50</subfield>
<subfield code="b">BOBST</subfield>
<subfield code="c">Main Collection</subfield>
<subfield code="d">B751.M44 M44 1956</subfield>
<subfield code="e">unavailable</subfield>
<subfield code="t">Unavailable</subfield>
<subfield code="f">1</subfield>
<subfield code="g">1</subfield>
<subfield code="h">Y</subfield>
<subfield code="i">0</subfield>
<subfield code="j">MAIN</subfield>
<subfield code="k">0</subfield>
</datafield>
</record>
